@misc{nielsen_1995, title={Response Time Limits: Article by Jakob Nielsen}, url={https://www.nngroup.com/articles/response-times-3-important-limits/}, journal={Nielsen Norman Group}, author={Nielsen, Jakob}, year={1995}}
@misc{ontario.ca, title={How To Make Websites Accessible}, url={https://www.ontario.ca/page/how-make-websites-accessible}, journal={ontario.ca}}
@misc{ahmad_tariq_2017, title={Online Privacy Law: Canada}, url={http://www.loc.gov/law/help/online-privacy-law/2017/canada.php}, journal={Planning D-Day (April 2003) - Library of Congress Information Bulletin}, publisher={Victor}, author={Ahmad and Tariq}, year={2017}, month={Dec}}
@misc{GNU, title={gnu.org}, url={https://www.gnu.org/licenses/gpl-3.0.en.html}, journal={[A GNU head]}}